@article{Bhuyan2020,
  title = {Generation of Missing Words in Assamese text using N-gram based Model},
  volume = {1706},
  ISSN = {1742-6596},
  url = {http://dx.doi.org/10.1088/1742-6596/1706/1/012166},
  DOI = {10.1088/1742-6596/1706/1/012166},
  number = {1},
  journal = {Journal of Physics: Conference Series},
  publisher = {IOP Publishing},
  author = {Bhuyan,  M. P. and Sarma,  S. K.},
  year = {2020},
  month = dec,
  pages = {012166}
}
@inproceedings{Samanta2013ASR,
  title={A simple real-word error detection and correction using local word bigram and trigram},
  author={Pratip Samanta and Bidyut Baran Chaudhuri},
  booktitle={ROCLING/IJCLCLP},
  year={2013},
  url={https://api.semanticscholar.org/CorpusID:16147829}
}
@misc{SystemRefC,
    title={C Reference: system()},
    howpublished={\url{https://cplusplus.com/reference/cstdlib/system/}},
    note={Accedido: 8/12/2023}
}
@misc{NewlineStackoverflow,
    title={Why should text files end with a newline?},
    howpublished={\url{https://stackoverflow.com/questions/729692/why-should-text-files-end-with-a-newline}},
    note={Accedido: 8/12/2023}
}
@misc{WikiNLP,
    author = "{Wikipedia contributors}",
    title = "Natural language processing --- {Wikipedia}{,} The Free Encyclopedia",
    year = "2023",
    howpublished = "\url{https://en.wikipedia.org/w/index.php?title=Natural_language_processing&oldid=1187330712}",
    note={Accedido: 9/12/2023}
}
@misc{word2vec,
    title={word2vec},
    howpublished={\url{https://www.tensorflow.org/text/tutorials/word2vec}},
    publisher={Tensorflow},
    note={Accedido: 9/12/2023}
}
@misc{WikiNgramModel,
    author = "{Wikipedia contributors}",
    title = "Word n-gram language model --- {Wikipedia}{,} The Free Encyclopedia",
    year = "2023",
    howpublished = "\url{https://en.wikipedia.org/w/index.php?title=Word_n-gram_language_model&oldid=1180183848}",
    note={Accedido: 9/12/2023}
}
@misc{WikiMarkov,
    author = "{Wikipedia contributors}",
    title = "Markov chain --- {Wikipedia}{,} The Free Encyclopedia",
    year = "2023",
    howpublished = "\url{https://en.wikipedia.org/w/index.php?title=Markov_chain&oldid=1187542218}",
    note={Accedido: 9/12/2023}
}
@misc{WikiNgram,
    author = "{Wikipedia contributors}",
    title = "N-gram --- {Wikipedia}{,} The Free Encyclopedia",
    year = "2023",
    howpublished = "\url{https://en.wikipedia.org/w/index.php?title=N-gram&oldid=1189017569}",
    note={Accedido: 9/12/2023}
  }
@misc{TdsGen,
    title={Language Model Concept behind Word Suggestion Feature},
    author={Vitou Phy},
    howpublished={\url{https://towardsdatascience.com/sentence-generation-with-n-gram-21a5eef36a1b}},
    note={Accedido: 9/12/2023}
}
@misc{CambridgeLecture,
    title={Lecture notes in Prediction and part-of-speech tagging},
    howpublished={\url{https://www.cl.cam.ac.uk/teaching/2004/NatLangProc/slides3.pdf}},
    publisher={University of Cambridge},
    year={2004},
    note={Accedido: 10/12/2023}
}
@misc{AlgotechMarkov,
    title={Text Generation with Markov Chains},
    howpublished={\url{https://algotech.netlify.app/blog/text-generating-with-markov-chains/}},
    year={2020},
    author={Arga Adyatama},
    note={Accedido: 10/12/2023}
}
